@ARTICLE{andersson,
   author = {{Andersson}, B.-G. and {Lazarian}, A. and {Vaillancourt}, J.~E.
	},
    title = "{Interstellar Dust Grain Alignment}",
  journal = {\araa},
     year = 2015,
    month = aug,
   volume = 53,
    pages = {501-539},
      doi = {10.1146/annurev-astro-082214-122414},
   adsurl = {http://adsabs.harvard.edu/abs/2015ARA%26A..53..501A},
  adsnote = {Provided by the SAO/NASA Astrophysics Data System}
}


@ARTICLE{bicep_planck,
   author = {{BICEP2/Keck and Planck Collaborations} and {Ade}, P.~A.~R. and 
	{Aghanim}, N. and {Ahmed}, Z. and {Aikin}, R.~W. and {Alexander}, K.~D. and 
	{Arnaud}, M. and {Aumont}, J. and {Baccigalupi}, C. and {Banday}, A.~J. and et al.},
    title = "{Joint Analysis of BICEP2/Keck Array and Planck Data}",
  journal = {Physical Review Letters},
archivePrefix = "arXiv",
   eprint = {1502.00612},
 keywords = {Background radiations, Gravitational wave detectors and experiments, Radio microwave, Observational cosmology},
     year = 2015,
    month = mar,
   volume = 114,
   number = 10,
      eid = {101301},
    pages = {101301},
      doi = {10.1103/PhysRevLett.114.101301},
   adsurl = {http://adsabs.harvard.edu/abs/2015PhRvL.114j1301B},
  adsnote = {Provided by the SAO/NASA Astrophysics Data System}
}

@ARTICLE{planck_dust,
   author = {{Planck Collaboration} and {Abergel}, A. and {Ade}, P.~A.~R. and 
	{Aghanim}, N. and {Alves}, M.~I.~R. and {Aniano}, G. and {Armitage-Caplan}, C. and 
	{Arnaud}, M. and {Ashdown}, M. and {Atrio-Barandela}, F. and et al.},
    title = "{Planck 2013 results. XI. All-sky model of thermal dust emission}",
  journal = {\aap},
archivePrefix = "arXiv",
   eprint = {1312.1300},
 keywords = {methods: data analysis, ISM: general, dust, extinction, infrared: ISM, submillimeter: ISM, opacity},
     year = 2014,
    month = nov,
   volume = 571,
      eid = {A11},
    pages = {A11},
      doi = {10.1051/0004-6361/201323195},
   adsurl = {http://adsabs.harvard.edu/abs/2014A%26A...571A..11P},
  adsnote = {Provided by the SAO/NASA Astrophysics Data System}
}

@ARTICLE{compiegne,
   author = {{Compi{\`e}gne}, M. and {Verstraete}, L. and {Jones}, A. and 
	{Bernard}, J.-P. and {Boulanger}, F. and {Flagey}, N. and {Le Bourlot}, J. and 
	{Paradis}, D. and {Ysard}, N.},
    title = "{The global dust SED: tracing the nature and evolution of dust with DustEM}",
  journal = {\aap},
archivePrefix = "arXiv",
   eprint = {1010.2769},
 keywords = {radiation mechanisms: thermal, methods: numerical, dust, extinction, infrared: ISM},
     year = 2011,
    month = jan,
   volume = 525,
      eid = {A103},
    pages = {A103},
      doi = {10.1051/0004-6361/201015292},
   adsurl = {http://adsabs.harvard.edu/abs/2011A%26A...525A.103C},
  adsnote = {Provided by the SAO/NASA Astrophysics Data System}
}


@ARTICLE{draine_li,
   author = {{Draine}, B.~T. and {Li}, A.},
    title = "{Infrared Emission from Interstellar Dust. IV. The Silicate-Graphite-PAH Model in the Post-Spitzer Era}",
  journal = {\apj},
   eprint = {astro-ph/0608003},
 keywords = {ISM: Dust, Extinction, Infrared: Galaxies, Infrared: ISM, Radiation Mechanisms: Thermal},
     year = 2007,
    month = mar,
   volume = 657,
    pages = {810-837},
      doi = {10.1086/511055},
   adsurl = {http://adsabs.harvard.edu/abs/2007ApJ...657..810D},
  adsnote = {Provided by the SAO/NASA Astrophysics Data System}
}
